@book{livro,
	title = {Artificial Neural Networks},
	author = {Ivan Nunes da Silva and Danilo Hernane Spatti and Rogerio Andrade Flauzino and Luisa Helena Bartocci Liboni and Silas Franco dos Reis Alves},
	year = {2016},
	month = {08},
	day = {24},
	pagecount = {307},
	isbn = {9783319431628},
	publisher={Springer}
}