@book{davis1991handbook,
	title={Handbook of Genetic Algorithms},
	author={Davis, L.},
	isbn={9780442001735},
	lccn={90012823},
	series={VNR Computer Library VNR Computer Library},
	url={https://books.google.com.br/books?id=Kl7vAAAAMAAJ},
	year={1991},
	publisher={Van Nostrand Reinhold}
}
